% This file was created with JabRef 2.7b.
% Encoding: UTF-8

@INPROCEEDINGS{behrens-2010,
  author = {Tristan Behrens},
  title = {Agent-Oriented Control in Real-Time Computer Games},
  booktitle = {Proceedings of 7th international Workshop on Programming Multi-Agent
	Systems, ProMAS 2009},
  year = {2010},
  editor = {Lars Braubach and Jean-Pierre Briot and John Thangarajah},
  volume = {5919},
  series = {LNAI},
  publisher = {Springer Verlag},
  url = {http://www.springer.com/computer/ai/book/978-3-642-14842-2}
}

@TECHREPORT{reis-2002,
  author = {L. P. Reis},
  title = {Agentes autónomos},
  year = {2002},
  month = {March},
  publisher = {LIACC (NIAD\&R)}
}

@PHDTHESIS{thomaz-2011,
  author = {Leandro Ferrari Thomaz},
  title = {Um arcabouço para construção de sistemas multi-agentes musicais},
  school = {Instituto de Matemática e Estatística},
  year = {2011},
  address = {São Paulo},
  month = {Jun},
  note = {Tese de doutorado em ciências da computação},
  url = {http://www.teses.usp.br/teses/disponiveis/45/45134/tde-13082011-113109/pt-br.php}
}

